@article{max1960,
author={J. Max}, 
journal={IRE Transactions on Information Theory}, 
title={Quantizing for minimum distortion}, 
year={1960}, 
volume={6}, 
number={1}, 
pages={7-12}, 
keywords={Signal sampling/reconstruction;Equations;Distortion measurement;Quantization;Information theory;Maximum likelihood detection;Maximum likelihood estimation;Transmitters;Yield estimation;Decision theory;Signal detection}, 
doi={10.1109/TIT.1960.1057548}, 
ISSN={0096-1000}, 
month={March},
}

@article{s4sciencebook,
      author         = "Abazajian, Kevork N. and others",
      title          = "{CMB-S4 Science Book, First Edition}",
      collaboration  = "CMB-S4",
      year           = "2016",
      eprint         = "1610.02743",
      archivePrefix  = "arXiv",
      primaryClass   = "astro-ph.CO",
      reportNumber   = "FERMILAB-FN-1024-A-AE",
      SLACcitation   = "%%CITATION = ARXIV:1610.02743;%%"
}

@ARTICLE{henning2018,
       author = {{Henning}, J.~W. and {Sayre}, J.~T. and {Reichardt}, C.~L. and {Ade},
        P.~A.~R. and {Anderson}, A.~J. and {Austermann}, J.~E. and
        {Beall}, J.~A. and {Bender}, A.~N. and {Benson}, B.~A. and
        {Bleem}, L.~E. and {Carlstrom}, J.~E. and {Chang}, C.~L. and
        {Chiang}, H.~C. and {Cho}, H. -M. and {Citron}, R. and {Corbett
        Moran}, C. and {Crawford}, T.~M. and {Crites}, A.~T. and {de
        Haan}, T. and {Dobbs}, M.~A. and {Everett}, W. and {Gallicchio},
        J. and {George}, E.~M. and {Gilbert}, A. and {Halverson}, N.~W.
        and {Harrington}, N. and {Hilton}, G.~C. and {Holder}, G.~P. and
        {Holzapfel}, W.~L. and {Hoover}, S. and {Hou}, Z. and {Hrubes},
        J.~D. and {Huang}, N. and {Hubmayr}, J. and {Irwin}, K.~D. and
        {Keisler}, R. and {Knox}, L. and {Lee}, A.~T. and {Leitch},
        E.~M. and {Li}, D. and {Lowitz}, A. and {Manzotti}, A. and
        {McMahon}, J.~J. and {Meyer}, S.~S. and {Mocanu}, L. and
        {Montgomery}, J. and {Nadolski}, A. and {Natoli}, T. and
        {Nibarger}, J.~P. and {Novosad}, V. and {Padin}, S. and {Pryke},
        C. and {Ruhl}, J.~E. and {Saliwanchik}, B.~R. and {Schaffer},
        K.~K. and {Sievers}, C. and {Smecher}, G. and {Stark}, A.~A. and
        {Story}, K.~T. and {Tucker}, C. and {Vanderlinde}, K. and
        {Veach}, T. and {Vieira}, J.~D. and {Wang}, G. and {Whitehorn},
        N. and {Wu}, W.~L.~K. and {Yefremenko}, V.},
        title = "{Measurements of the Temperature and E-mode Polarization of the CMB from
        500 Square Degrees of SPTpol Data}",
      journal = {\apj},
     keywords = {cosmic background radiation, cosmological parameters, cosmology:
        observations, polarization, Astrophysics - Cosmology and
        Nongalactic Astrophysics},
         year = 2018,
        month = Jan,
       volume = {852},
          eid = {97},
        pages = {97},
          doi = {10.3847/1538-4357/aa9ff4},
archivePrefix = {arXiv},
       eprint = {1707.09353},
 primaryClass = {astro-ph.CO},
       adsurl = {https://ui.adsabs.harvard.edu/\#abs/2018ApJ...852...97H},
      adsnote = {Provided by the SAO/NASA Astrophysics Data System}
}



@ARTICLE{olds4sciencebook,
   author = {{Abazajian}, K.~N. and {Adshead}, P. and {Ahmed}, Z. and {Allen}, S.~W. and 
	{Alonso}, D. and {Arnold}, K.~S. and {Baccigalupi}, C. and {Bartlett}, J.~G. and 
	{Battaglia}, N. and {Benson}, B.~A. and {Bischoff}, C.~A. and 
	{Borrill}, J. and {Buza}, V. and {Calabrese}, E. and {Caldwell}, R. and 
	{Carlstrom}, J.~E. and {Chang}, C.~L. and {Crawford}, T.~M. and 
	{Cyr-Racine}, F.-Y. and {De Bernardis}, F. and {de Haan}, T. and 
	{di Serego Alighieri}, S. and {Dunkley}, J. and {Dvorkin}, C. and 
	{Errard}, J. and {Fabbian}, G. and {Feeney}, S. and {Ferraro}, S. and 
	{Filippini}, J.~P. and {Flauger}, R. and {Fuller}, G.~M. and 
	{Gluscevic}, V. and {Green}, D. and {Grin}, D. and {Grohs}, E. and 
	{Henning}, J.~W. and {Hill}, J.~C. and {Hlozek}, R. and {Holder}, G. and 
	{Holzapfel}, W. and {Hu}, W. and {Huffenberger}, K.~M. and {Keskitalo}, R. and 
	{Knox}, L. and {Kosowsky}, A. and {Kovac}, J. and {Kovetz}, E.~D. and 
	{Kuo}, C.-L. and {Kusaka}, A. and {Le Jeune}, M. and {Lee}, A.~T. and 
	{Lilley}, M. and {Loverde}, M. and {Madhavacheril}, M.~S. and 
	{Mantz}, A. and {Marsh}, D.~J.~E. and {McMahon}, J. and {Meerburg}, P.~D. and 
	{Meyers}, J. and {Miller}, A.~D. and {Munoz}, J.~B. and {Nguyen}, H.~N. and 
	{Niemack}, M.~D. and {Peloso}, M. and {Peloton}, J. and {Pogosian}, L. and 
	{Pryke}, C. and {Raveri}, M. and {Reichardt}, C.~L. and {Rocha}, G. and 
	{Rotti}, A. and {Schaan}, E. and {Schmittfull}, M.~M. and {Scott}, D. and 
	{Sehgal}, N. and {Shandera}, S. and {Sherwin}, B.~D. and {Smith}, T.~L. and 
	{Sorbo}, L. and {Starkman}, G.~D. and {Story}, K.~T. and {van Engelen}, A. and 
	{Vieira}, J.~D. and {Watson}, S. and {Whitehorn}, N. and {Kimmy Wu}, W.~L.
	},
    title = "{CMB-S4 Science Book, First Edition}",
  journal = {ArXiv e-prints},
archivePrefix = "arXiv",
   eprint = {1610.02743},
 keywords = {Astrophysics - Cosmology and Nongalactic Astrophysics, General Relativity and Quantum Cosmology, High Energy Physics - Phenomenology, High Energy Physics - Theory},
     year = 2016,
    month = oct,
   adsurl = {http://adsabs.harvard.edu/abs/2016arXiv161002743A},
  adsnote = {Provided by the SAO/NASA Astrophysics Data System}
}

@ARTICLE{penzias1965,
   author = {{Penzias}, A.~A. and {Wilson}, R.~W.},
    title = "{Measurement of the Flux Density of CAS a at 4080 Mc/s.}",
  journal = {\apj},
     year = 1965,
    month = oct,
   volume = 142,
    pages = {1149},
      doi = {10.1086/148384},
   adsurl = {http://adsabs.harvard.edu/abs/1965ApJ...142.1149P},
  adsnote = {Provided by the SAO/NASA Astrophysics Data System}
}

@ARTICLE{tegmark1997,
   author = {{Tegmark}, M.},
    title = "{How to Make Maps from Cosmic Microwave Background Data without Losing Information}",
  journal = {\apjl},
   eprint = {astro-ph/9611130},
 keywords = {COSMOLOGY: COSMIC MICROWAVE BACKGROUND, METHODS: DATA ANALYSIS, Cosmology: Cosmic Microwave Background, Methods: Data Analysis},
     year = 1997,
    month = may,
   volume = 480,
    pages = {L87-L90},
      doi = {10.1086/310631},
   adsurl = {http://adsabs.harvard.edu/abs/1997ApJ...480L..87T},
  adsnote = {Provided by the SAO/NASA Astrophysics Data System}
}

@ARTICLE{brown2005,
   author = {{Brown}, M.~L. and {Castro}, P.~G. and {Taylor}, A.~N.},
    title = "{Cosmic microwave background temperature and polarization pseudo-C$_{l}$ estimators and covariances}",
  journal = {\mnras},
   eprint = {astro-ph/0410394},
 keywords = {methods: data analysis, methods: statistical, cosmic microwave background, large-scale structure of Universe},
     year = 2005,
    month = jul,
   volume = 360,
    pages = {1262-1280},
      doi = {10.1111/j.1365-2966.2005.09111.x},
   adsurl = {http://adsabs.harvard.edu/abs/2005MNRAS.360.1262B},
  adsnote = {Provided by the SAO/NASA Astrophysics Data System}
}

@ARTICLE{tristam2007,
   author = {{Tristram}, M. and {Ganga}, K.},
    title = "{Data analysis methods for the cosmic microwave background}",
  journal = {Reports on Progress in Physics},
archivePrefix = "arXiv",
   eprint = {0708.1429},
     year = 2007,
    month = jun,
   volume = 70,
    pages = {899-946},
      doi = {10.1088/0034-4885/70/6/R02},
   adsurl = {http://adsabs.harvard.edu/abs/2007RPPh...70..899T},
  adsnote = {Provided by the SAO/NASA Astrophysics Data System}
}

@INPROCEEDINGS{tegmark1998,
   author = {{Tegmark}, M.},
    title = "{Uncorrelated Measurements of the CMB Power Spectrum}",
booktitle = {Eighteenth Texas Symposium on Relativistic Astrophysics},
     year = 1998,
   eprint = {astro-ph/9702019},
   editor = {{Olinto}, A.~V. and {Frieman}, J.~A. and {Schramm}, D.~N.},
    pages = {270},
   adsurl = {http://adsabs.harvard.edu/abs/1998tsra.conf..270T},
  adsnote = {Provided by the SAO/NASA Astrophysics Data System}
}

@ARTICLE{planck2016,
   author = {{Planck Collaboration} and {Ade}, P.~A.~R. and {Aghanim}, N. and 
	{Arnaud}, M. and {Ashdown}, M. and {Aumont}, J. and {Baccigalupi}, C. and 
	{Banday}, A.~J. and {Barreiro}, R.~B. and {Bartlett}, J.~G. and et al.},
    title = "{Planck 2015 results. XIII. Cosmological parameters}",
  journal = {\aap},
archivePrefix = "arXiv",
   eprint = {1502.01589},
 keywords = {cosmology: observations, cosmology: theory, cosmic background radiation, cosmological parameters},
     year = 2016,
    month = sep,
   volume = 594,
      eid = {A13},
    pages = {A13},
      doi = {10.1051/0004-6361/201525830},
   adsurl = {http://adsabs.harvard.edu/abs/2016A%26A...594A..13P},
  adsnote = {Provided by the SAO/NASA Astrophysics Data System}
}

@ARTICLE{maris2003,
   author = {{Maris}, M. and {Maino}, D. and {Burigana}, C. and {Mennella}, A. and 
	{Bersanelli}, M. and {Pasian}, F.},
    title = "{The scientific impact of signal quantization on Planck/LFI observations}",
  journal = {\memsai},
 keywords = {methods: data analysis, methods: statisticals, astronomical data bases: miscellaneous, space vehicles: instruments},
     year = 2003,
   volume = 74,
    pages = {488},
   adsurl = {http://adsabs.harvard.edu/abs/2003MmSAI..74..488M},
  adsnote = {Provided by the SAO/NASA Astrophysics Data System}
}

@article{gaztanaga1998,
author = {Gaztanaga, E and Barriga, J and Romeo, A and Fosalba, Pablo and Elizalde, E},
year = {1998},
month = {11},
pages = {},
title = {Data compression on board the PLANCK Satellite Low Frequency Instrument: Optimal compression rate},
volume = {37},
journal = {Astrophysical letters \& communications},
eprint = {astro-ph/9810205},
adsurl = {http://adsabs.harvard.edu/abs/1998astro.ph.10205G},
adsnote = {Provided by the SAO/NASA Astrophysics Data System}
}

@ARTICLE{kovac2007,
   author = {{Kovac}, J.~M. and {Barkats}, D.},
    title = "{CMB from the South Pole: Past, Present, and Future}",
  journal = {ArXiv e-prints},
archivePrefix = "arXiv",
   eprint = {0707.1075},
 keywords = {Astrophysics},
     year = 2007,
    month = jul,
   adsurl = {http://adsabs.harvard.edu/abs/2007arXiv0707.1075K},
  adsnote = {Provided by the SAO/NASA Astrophysics Data System}
}

@ARTICLE{li2017,
   author = {{Li}, Y.-P. and {Liu}, Y. and {Li}, S.-Y. and {Li}, H. and {Zhang}, X.
	},
    title = "{Tibet's Ali: A New Window to Detect the CMB Polarization}",
  journal = {ArXiv e-prints},
archivePrefix = "arXiv",
   eprint = {1709.09053},
 primaryClass = "astro-ph.IM",
 keywords = {Astrophysics - Instrumentation and Methods for Astrophysics, Astrophysics - Cosmology and Nongalactic Astrophysics, General Relativity and Quantum Cosmology, High Energy Physics - Phenomenology, High Energy Physics - Theory},
     year = 2017,
    month = sep,
   adsurl = {http://adsabs.harvard.edu/abs/2017arXiv170909053L},
  adsnote = {Provided by the SAO/NASA Astrophysics Data System}
}

@ARTICLE{planck2018,
   author = {{Planck Collaboration} and {Akrami}, Y. and {Arroja}, F. and 
	{Ashdown}, M. and {Aumont}, J. and {Baccigalupi}, C. and {Ballardini}, M. and 
	{Banday}, A.~J. and {Barreiro}, R.~B. and {Bartolo}, N. and 
	{Basak}, S. and {Battye}, R. and {Benabed}, K. and {Bernard}, J.-P. and 
	{Bersanelli}, M. and {Bielewicz}, P. and {Bock}, J.~J. and {Bond}, J.~R. and 
	{Borrill}, J. and {Bouchet}, F.~R. and {Boulanger}, F. and {Bucher}, M. and 
	{Burigana}, C. and {Butler}, R.~C. and {Calabrese}, E. and {Cardoso}, J.-F. and 
	{Carron}, J. and {Casaponsa}, B. and {Challinor}, A. and {Chiang}, H.~C. and 
	{Colombo}, L.~P.~L. and {Combet}, C. and {Contreras}, D. and 
	{Crill}, B.~P. and {Cuttaia}, F. and {de Bernardis}, P. and 
	{de Zotti}, G. and {Delabrouille}, J. and {Delouis}, J.-M. and 
	{D{\'e}sert}, F.-X. and {Di Valentino}, E. and {Dickinson}, C. and 
	{Diego}, J.~M. and {Donzelli}, S. and {Dor{\'e}}, O. and {Douspis}, M. and 
	{Ducout}, A. and {Dupac}, X. and {Efstathiou}, G. and {Elsner}, F. and 
	{En{\ss}lin}, T.~A. and {Eriksen}, H.~K. and {Falgarone}, E. and 
	{Fantaye}, Y. and {Fergusson}, J. and {Fernandez-Cobos}, R. and 
	{Finelli}, F. and {Forastieri}, F. and {Frailis}, M. and {Franceschi}, E. and 
	{Frolov}, A. and {Galeotta}, S. and {Galli}, S. and {Ganga}, K. and 
	{G{\'e}nova-Santos}, R.~T. and {Gerbino}, M. and {Ghosh}, T. and 
	{Gonz{\'a}lez-Nuevo}, J. and {G{\'o}rski}, K.~M. and {Gratton}, S. and 
	{Gruppuso}, A. and {Gudmundsson}, J.~E. and {Hamann}, J. and 
	{Handley}, W. and {Hansen}, F.~K. and {Helou}, G. and {Herranz}, D. and 
	{Hivon}, E. and {Huang}, Z. and {Jaffe}, A.~H. and {Jones}, W.~C. and 
	{Karakci}, A. and {Keih{\"a}nen}, E. and {Keskitalo}, R. and 
	{Kiiveri}, K. and {Kim}, J. and {Kisner}, T.~S. and {Knox}, L. and 
	{Krachmalnicoff}, N. and {Kunz}, M. and {Kurki-Suonio}, H. and 
	{Lagache}, G. and {Lamarre}, J.-M. and {Langer}, M. and {Lasenby}, A. and 
	{Lattanzi}, M. and {Lawrence}, C.~R. and {Le Jeune}, M. and 
	{Leahy}, J.~P. and {Lesgourgues}, J. and {Levrier}, F. and {Lewis}, A. and 
	{Liguori}, M. and {Lilje}, P.~B. and {Lilley}, M. and {Lindholm}, V. and 
	{L{\'o}pez-Caniego}, M. and {Lubin}, P.~M. and {Ma}, Y.-Z. and 
	{Mac{\'{\i}}as-P{\'e}rez}, J.~F. and {Maggio}, G. and {Maino}, D. and 
	{Mandolesi}, N. and {Mangilli}, A. and {Marcos-Caballero}, A. and 
	{Maris}, M. and {Martin}, P.~G. and {Mart{\'{\i}}nez-Gonz{\'a}lez}, E. and 
	{Matarrese}, S. and {Mauri}, N. and {McEwen}, J.~D. and {Meerburg}, P.~D. and 
	{Meinhold}, P.~R. and {Melchiorri}, A. and {Mennella}, A. and 
	{Migliaccio}, M. and {Millea}, M. and {Mitra}, S. and {Miville-Desch{\^e}nes}, M.-A. and 
	{Molinari}, D. and {Moneti}, A. and {Montier}, L. and {Morgante}, G. and 
	{Moss}, A. and {Mottet}, S. and {M{\"u}nchmeyer}, M. and {Natoli}, P. and 
	{N{\o}rgaard-Nielsen}, H.~U. and {Oxborrow}, C.~A. and {Pagano}, L. and 
	{Paoletti}, D. and {Partridge}, B. and {Patanchon}, G. and {Pearson}, T.~J. and 
	{Peel}, M. and {Peiris}, H.~V. and {Perrotta}, F. and {Pettorino}, V. and 
	{Piacentini}, F. and {Polastri}, L. and {Polenta}, G. and {Puget}, J.-L. and 
	{Rachen}, J.~P. and {Reinecke}, M. and {Remazeilles}, M. and 
	{Renzi}, A. and {Rocha}, G. and {Rosset}, C. and {Roudier}, G. and 
	{Rubi{\~n}o-Mart{\'{\i}}n}, J.~A. and {Ruiz-Granados}, B. and 
	{Salvati}, L. and {Sandri}, M. and {Savelainen}, M. and {Scott}, D. and 
	{Shellard}, E.~P.~S. and {Shiraishi}, M. and {Sirignano}, C. and 
	{Sirri}, G. and {Spencer}, L.~D. and {Sunyaev}, R. and {Suur-Uski}, A.-S. and 
	{Tauber}, J.~A. and {Tavagnacco}, D. and {Tenti}, M. and {Terenzi}, L. and 
	{Toffolatti}, L. and {Tomasi}, M. and {Trombetti}, T. and {Valiviita}, J. and 
	{Van Tent}, B. and {Vibert}, L. and {Vielva}, P. and {Villa}, F. and 
	{Vittorio}, N. and {Wandelt}, B.~D. and {Wehus}, I.~K. and {White}, M. and 
	{White}, S.~D.~M. and {Zacchei}, A. and {Zonca}, A.},
    title = "{Planck 2018 results. I. Overview and the cosmological legacy of Planck}",
  journal = {ArXiv e-prints},
archivePrefix = "arXiv",
   eprint = {1807.06205},
 keywords = {Astrophysics - Cosmology and Nongalactic Astrophysics},
     year = 2018,
    month = jul,
   adsurl = {http://adsabs.harvard.edu/abs/2018arXiv180706205P},
  adsnote = {Provided by the SAO/NASA Astrophysics Data System}
}

@ARTICLE{core2018,
   author = {{Delabrouille}, J. and {de Bernardis}, P. and {Bouchet}, F.~R. and 
	{Ach{\'u}carro}, A. and {Ade}, P.~A.~R. and {Allison}, R. and 
	{Arroja}, F. and {Artal}, E. and {Ashdown}, M. and {Baccigalupi}, C. and 
	{Ballardini}, M. and {Banday}, A.~J. and {Banerji}, R. and {Barbosa}, D. and 
	{Bartlett}, J. and {Bartolo}, N. and {Basak}, S. and {Baselmans}, J.~J.~A. and 
	{Basu}, K. and {Battistelli}, E.~S. and {Battye}, R. and {Baumann}, D. and 
	{Beno{\'{\i}}t}, A. and {Bersanelli}, M. and {Bideaud}, A. and 
	{Biesiada}, M. and {Bilicki}, M. and {Bonaldi}, A. and {Bonato}, M. and 
	{Borrill}, J. and {Boulanger}, F. and {Brinckmann}, T. and {Brown}, M.~L. and 
	{Bucher}, M. and {Burigana}, C. and {Buzzelli}, A. and {Cabass}, G. and 
	{Cai}, Z.-Y. and {Calvo}, M. and {Caputo}, A. and {Carvalho}, C.-S. and 
	{Casas}, F.~J. and {Castellano}, G. and {Catalano}, A. and {Challinor}, A. and 
	{Charles}, I. and {Chluba}, J. and {Clements}, D.~L. and {Clesse}, S. and 
	{Colafrancesco}, S. and {Colantoni}, I. and {Contreras}, D. and 
	{Coppolecchia}, A. and {Crook}, M. and {D'Alessandro}, G. and 
	{D'Amico}, G. and {da Silva}, A. and {de Avillez}, M. and {de Gasperis}, G. and 
	{De Petris}, M. and {de Zotti}, G. and {Danese}, L. and {D{\'e}sert}, F.-X. and 
	{Desjacques}, V. and {Di Valentino}, E. and {Dickinson}, C. and 
	{Diego}, J.~M. and {Doyle}, S. and {Durrer}, R. and {Dvorkin}, C. and 
	{Eriksen}, H.~K. and {Errard}, J. and {Feeney}, S. and {Fern{\'a}ndez-Cobos}, R. and 
	{Finelli}, F. and {Forastieri}, F. and {Franceschet}, C. and 
	{Fuskeland}, U. and {Galli}, S. and {G{\'e}nova-Santos}, R.~T. and 
	{Gerbino}, M. and {Giusarma}, E. and {Gomez}, A. and {Gonz{\'a}lez-Nuevo}, J. and 
	{Grandis}, S. and {Greenslade}, J. and {Goupy}, J. and {Hagstotz}, S. and 
	{Hanany}, S. and {Handley}, W. and {Henrot-Versill{\'e}}, S. and 
	{Hern{\'a}ndez-Monteagudo}, C. and {Hervias-Caimapo}, C. and 
	{Hills}, M. and {Hindmarsh}, M. and {Hivon}, E. and {Hoang}, D.~T. and 
	{Hooper}, D.~C. and {Hu}, B. and {Keih{\"a}nen}, E. and {Keskitalo}, R. and 
	{Kiiveri}, K. and {Kisner}, T. and {Kitching}, T. and {Kunz}, M. and 
	{Kurki-Suonio}, H. and {Lagache}, G. and {Lamagna}, L. and {Lapi}, A. and 
	{Lasenby}, A. and {Lattanzi}, M. and {Le Brun}, A.~M.~C. and 
	{Lesgourgues}, J. and {Liguori}, M. and {Lindholm}, V. and {Lizarraga}, J. and 
	{Luzzi}, G. and {Mac{\`i}as-P$\${\'e}rez}, J.~F. and {Maffei}, B. and 
	{Mandolesi}, N. and {Martin}, S. and {Martinez-Gonzalez}, E. and 
	{Martins}, C.~J.~A.~P. and {Masi}, S. and {Massardi}, M. and 
	{Matarrese}, S. and {Mazzotta}, P. and {McCarthy}, D. and {Melchiorri}, A. and 
	{Melin}, J.-B. and {Mennella}, A. and {Mohr}, J. and {Molinari}, D. and 
	{Monfardini}, A. and {Montier}, L. and {Natoli}, P. and {Negrello}, M. and 
	{Notari}, A. and {Noviello}, F. and {Oppizzi}, F. and {O'Sullivan}, C. and 
	{Pagano}, L. and {Paiella}, A. and {Pajer}, E. and {Paoletti}, D. and 
	{Paradiso}, S. and {Partridge}, R.~B. and {Patanchon}, G. and 
	{Patil}, S.~P. and {Perdereau}, O. and {Piacentini}, F. and 
	{Piat}, M. and {Pisano}, G. and {Polastri}, L. and {Polenta}, G. and 
	{Pollo}, A. and {Ponthieu}, N. and {Poulin}, V. and {Pr{\^e}le}, D. and 
	{Quartin}, M. and {Ravenni}, A. and {Remazeilles}, M. and {Renzi}, A. and 
	{Ringeval}, C. and {Roest}, D. and {Roman}, M. and {Roukema}, B.~F. and 
	{Rubi{\~n}o-Martin}, J.-A. and {Salvati}, L. and {Scott}, D. and 
	{Serjeant}, S. and {Signorelli}, G. and {Starobinsky}, A.~A. and 
	{Sunyaev}, R. and {Tan}, C.~Y. and {Tartari}, A. and {Tasinato}, G. and 
	{Toffolatti}, L. and {Tomasi}, M. and {Torrado}, J. and {Tramonte}, D. and 
	{Trappe}, N. and {Triqueneaux}, S. and {Tristram}, M. and {Trombetti}, T. and 
	{Tucci}, M. and {Tucker}, C. and {Urrestilla}, J. and {V{\"a}liviita}, J. and 
	{Van de Weygaert}, R. and {Van Tent}, B. and {Vennin}, V. and 
	{Verde}, L. and {Vermeulen}, G. and {Vielva}, P. and {Vittorio}, N. and 
	{Voisin}, F. and {Wallis}, C. and {Wandelt}, B. and {Wehus}, I.~K. and 
	{Weller}, J. and {Young}, K. and {Zannoni}, M.},
    title = "{Exploring cosmic origins with CORE: Survey requirements and mission design}",
  journal = {\jcap},
archivePrefix = "arXiv",
   eprint = {1706.04516},
 primaryClass = "astro-ph.IM",
     year = 2018,
    month = apr,
   volume = 4,
      eid = {014},
    pages = {014},
      doi = {10.1088/1475-7516/2018/04/014},
   adsurl = {http://adsabs.harvard.edu/abs/2018JCAP...04..014D},
  adsnote = {Provided by the SAO/NASA Astrophysics Data System}
}

@ARTICLE{core2011,
   author = {{The COrE Collaboration} and {Armitage-Caplan}, C. and {Avillez}, M. and 
	{Barbosa}, D. and {Banday}, A. and {Bartolo}, N. and {Battye}, R. and 
	{Bernard}, J. and {de Bernardis}, P. and {Basak}, S. and {Bersanelli}, M. and 
	{Bielewicz}, P. and {Bonaldi}, A. and {Bucher}, M. and {Bouchet}, F. and 
	{Boulanger}, F. and {Burigana}, C. and {Camus}, P. and {Challinor}, A. and 
	{Chongchitnan}, S. and {Clements}, D. and {Colafrancesco}, S. and 
	{Delabrouille}, J. and {De Petris}, M. and {De Zotti}, G. and 
	{Dickinson}, C. and {Dunkley}, J. and {Ensslin}, T. and {Fergusson}, J. and 
	{Ferreira}, P. and {Ferriere}, K. and {Finelli}, F. and {Galli}, S. and 
	{Garcia-Bellido}, J. and {Gauthier}, C. and {Haverkorn}, M. and 
	{Hindmarsh}, M. and {Jaffe}, A. and {Kunz}, M. and {Lesgourgues}, J. and 
	{Liddle}, A. and {Liguori}, M. and {Lopez-Caniego}, M. and {Maffei}, B. and 
	{Marchegiani}, P. and {Martinez-Gonzalez}, E. and {Masi}, S. and 
	{Mauskopf}, P. and {Matarrese}, S. and {Melchiorri}, A. and 
	{Mukherjee}, P. and {Nati}, F. and {Natoli}, P. and {Negrello}, M. and 
	{Pagano}, L. and {Paoletti}, D. and {Peacocke}, T. and {Peiris}, H. and 
	{Perroto}, L. and {Piacentini}, F. and {Piat}, M. and {Piccirillo}, L. and 
	{Pisano}, G. and {Ponthieu}, N. and {Rath}, C. and {Ricciardi}, S. and 
	{Rubino Martin}, J. and {Salatino}, M. and {Shellard}, P. and 
	{Stompor}, R. and {Urrestilla}, L.~T.~J. and {Van Tent}, B. and 
	{Verde}, L. and {Wandelt}, B. and {Withington}, S.},
    title = "{COrE (Cosmic Origins Explorer) A White Paper}",
  journal = {ArXiv e-prints},
archivePrefix = "arXiv",
   eprint = {1102.2181},
 keywords = {Astrophysics - Cosmology and Nongalactic Astrophysics},
     year = 2011,
    month = feb,
   adsurl = {http://adsabs.harvard.edu/abs/2011arXiv1102.2181T},
  adsnote = {Provided by the SAO/NASA Astrophysics Data System}
}


@ARTICLE{litebird2014,
   author = {{Matsumura}, T. and {Akiba}, Y. and {Borrill}, J. and {Chinone}, Y. and 
	{Dobbs}, M. and {Fuke}, H. and {Ghribi}, A. and {Hasegawa}, M. and 
	{Hattori}, K. and {Hattori}, M. and {Hazumi}, M. and {Holzapfel}, W. and 
	{Inoue}, Y. and {Ishidoshiro}, K. and {Ishino}, H. and {Ishitsuka}, H. and 
	{Karatsu}, K. and {Katayama}, N. and {Kawano}, I. and {Kibayashi}, A. and 
	{Kibe}, Y. and {Kimura}, K. and {Kimura}, N. and {Koga}, K. and 
	{Kozu}, M. and {Komatsu}, E. and {Lee}, A. and {Matsuhara}, H. and 
	{Mima}, S. and {Mitsuda}, K. and {Mizukami}, K. and {Morii}, H. and 
	{Morishima}, T. and {Murayama}, S. and {Nagai}, M. and {Nagata}, R. and 
	{Nakamura}, S. and {Naruse}, M. and {Natsume}, K. and {Nishibori}, T. and 
	{Nishino}, H. and {Noda}, A. and {Noguchi}, T. and {Ogawa}, H. and 
	{Oguri}, S. and {Ohta}, I. and {Otani}, C. and {Richards}, P. and 
	{Sakai}, S. and {Sato}, N. and {Sato}, Y. and {Sekimoto}, Y. and 
	{Shimizu}, A. and {Shinozaki}, K. and {Sugita}, H. and {Suzuki}, T. and 
	{Suzuki}, A. and {Tajima}, O. and {Takada}, S. and {Takakura}, S. and 
	{Takei}, Y. and {Tomaru}, T. and {Uzawa}, Y. and {Wada}, T. and 
	{Watanabe}, H. and {Yoshida}, M. and {Yamasaki}, N. and {Yoshida}, T. and 
	{Yotsumoto}, K.},
    title = "{Mission Design of LiteBIRD}",
  journal = {Journal of Low Temperature Physics},
archivePrefix = "arXiv",
   eprint = {1311.2847},
 primaryClass = "astro-ph.IM",
 keywords = {Cosmic microwave background radiation, B-mode polarization, Inflation, Transition edge sensor bolometer for space application},
     year = 2014,
    month = sep,
   volume = 176,
    pages = {733-740},
      doi = {10.1007/s10909-013-0996-1},
   adsurl = {http://adsabs.harvard.edu/abs/2014JLTP..176..733M},
  adsnote = {Provided by the SAO/NASA Astrophysics Data System}
}

@ARTICLE{jenet1998,
   author = {{Jenet}, F.~A. and {Anderson}, S.~B.},
    title = "{The Effects of Digitization on Nonstationary Stochastic Signals with Applications to Pulsar Signal Baseband Recording}",
  journal = {\pasp},
 keywords = {METHODS: ANALYTICAL, METHODS: DATA ANALYSIS, STARS: PULSARS: GENERAL},
     year = 1998,
    month = dec,
   volume = 110,
    pages = {1467-1478},
      doi = {10.1086/316273},
   adsurl = {http://adsabs.harvard.edu/abs/1998PASP..110.1467J},
  adsnote = {Provided by the SAO/NASA Astrophysics Data System}
}

@ARTICLE{clearwater2018,
   author = {{Clearwater}, P. and {Melatos}, A. and {Bailes}, M. and {Flynn}, C. and {Nepal}, S.},
    title = "{Analysing one- and two-bit data to reduce memory requiremenets for $\mathcal{F}$-statistic-based gravitational wave searches}",
  journal = {Submitted for publication.},
 keywords = {METHODS: NUMERICAL, METHODS: DATA ANALYSIS, GRAVITATIONAL WAVES},
     year = 2018,
}

@ARTICLE{healpix,
   author = {{G{\'o}rski}, K.~M. and {Hivon}, E. and {Banday}, A.~J. and 
	{Wandelt}, B.~D. and {Hansen}, F.~K. and {Reinecke}, M. and 
	{Bartelmann}, M.},
    title = "{HEALPix: A Framework for High-Resolution Discretization and Fast Analysis of Data Distributed on the Sphere}",
  journal = {\apj},
   eprint = {astro-ph/0409513},
 keywords = {Cosmology: Cosmic Microwave Background, Cosmology: Observations, Methods: Statistical},
     year = 2005,
    month = apr,
   volume = 622,
    pages = {759-771},
      doi = {10.1086/427976},
   adsurl = {http://adsabs.harvard.edu/abs/2005ApJ...622..759G},
  adsnote = {Provided by the SAO/NASA Astrophysics Data System}
}

@ARTICLE{polspice,
   author = {{Szapudi}, I. and {Prunet}, S. and {Pogosyan}, D. and {Szalay}, A.~S. and 
	{Bond}, J.~R.},
    title = "{Fast Cosmic Microwave Background Analyses via Correlation Functions}",
  journal = {\apjl},
 keywords = {Cosmology: Cosmic Microwave Background, Cosmology: Theory, Methods: Statistical},
     year = 2001,
    month = feb,
   volume = 548,
    pages = {L115-L118},
      doi = {10.1086/319105},
   adsurl = {http://adsabs.harvard.edu/abs/2001ApJ...548L.115S},
  adsnote = {Provided by the SAO/NASA Astrophysics Data System}
}

@ARTICLE{lay1997,
   author = {{Lay}, O.~P.},
    title = "{The temporal power spectrum of atmospheric fluctuations due to water vapor}",
  journal = {A\&AS},
 keywords = {ATMOSPHERIC EFFECTS, INSTRUMENTATION: INTERFEROMETERS, SITE TESTING, TECHNIQUES: INTERFEROMETRIC},
     year = 1997,
    month = may,
   volume = 122,
    pages = {535-545},
      doi = {10.1051/aas:1997154},
   adsurl = {http://adsabs.harvard.edu/abs/1997A%26AS..122..535L},
  adsnote = {Provided by the SAO/NASA Astrophysics Data System}
}

@ARTICLE{astropy,
       author = {{Astropy Collaboration} and {Robitaille}, Thomas P. and {Tollerud}, Erik
        J. and {Greenfield}, Perry and {Droettboom}, Michael and {Bray},
        Erik and {Aldcroft}, Tom and {Davis}, Matt and {Ginsburg}, Adam
        and {Price-Whelan}, Adrian M. and {Kerzendorf}, Wolfgang E. and
        {Conley}, Alexander and {Crighton}, Neil and {Barbary}, Kyle and
        {Muna}, Demitri and {Ferguson}, Henry and {Grollier},
        Fr{\'e}d{\'e}ric and {Parikh}, Madhura M. and {Nair}, Prasanth
        H. and {Unther}, Hans M. and {Deil}, Christoph and {Woillez},
        Julien and {Conseil}, Simon and {Kramer}, Roban and {Turner},
        James E.~H. and {Singer}, Leo and {Fox}, Ryan and {Weaver},
        Benjamin A. and {Zabalza}, Victor and {Edwards}, Zachary I. and
        {Azalee Bostroem}, K. and {Burke}, D.~J. and {Casey}, Andrew R.
        and {Crawford}, Steven M. and {Dencheva}, Nadia and {Ely},
        Justin and {Jenness}, Tim and {Labrie}, Kathleen and {Lim}, Pey
        Lian and {Pierfederici}, Francesco and {Pontzen}, Andrew and
        {Ptak}, Andy and {Refsdal}, Brian and {Servillat}, Mathieu and
        {Streicher}, Ole},
        title = "{Astropy: A community Python package for astronomy}",
      journal = {\aap},
     keywords = {methods: data analysis, methods: miscellaneous, virtual observatory
        tools, Astrophysics - Instrumentation and Methods for
        Astrophysics},
         year = 2013,
        month = Oct,
       volume = {558},
          eid = {A33},
        pages = {A33},
          doi = {10.1051/0004-6361/201322068},
archivePrefix = {arXiv},
       eprint = {1307.6212},
 primaryClass = {astro-ph.IM},
       adsurl = {https://ui.adsabs.harvard.edu/#abs/2013A&A...558A..33A},
      adsnote = {Provided by the SAO/NASA Astrophysics Data System}
}

@ARTICLE{matplotlib, 
author={J. D. Hunter}, 
journal={Computing in Science Engineering}, 
title={Matplotlib: A 2D Graphics Environment}, 
year={2007}, 
volume={9}, 
number={3}, 
pages={90-95}, 
keywords={computer graphics;mathematics computing;object-oriented programming;software packages;Matplotlib;2D graphics package;Python;application development;interactive scripting;publication-quality image generation;user interface;operating system;Graphics;Interpolation;Equations;Graphical user interfaces;Packaging;Image generation;User interfaces;Operating systems;Computer languages;Programming profession;Python;scripting languages;application development;scientific programming}, 
doi={10.1109/MCSE.2007.55}, 
ISSN={1521-9615}, 
month={May},}

@misc{numpy,
  author    = {Travis E. Oliphant, PhD}, 
  title     = {Guide to NumPy},
  publisher = {The name of the publisher},
  year      = 2006,
  url = "http://web.mit.edu/dvp/Public/numpybook.pdf"
}

@Misc{scipy,
  author =    {Eric Jones and Travis Oliphant and Pearu Peterson and others},
  title =     {{SciPy}: Open source scientific tools for {Python}},
  year =      {2001--},
  url = "http://www.scipy.org/"
}

@ARTICLE{chown2018,
   author = {{Chown}, R. and {Omori}, Y. and {Aylor}, K. and {Benson}, B.~A. and 
	{Bleem}, L.~E. and {Carlstrom}, J.~E. and {Chang}, C.~L. and 
	{Cho}, H. and {Crawford}, T. and {Crites}, A.~T. and {deHaan}, T. and 
	{Dobbs}, M.~A. and {Everett}, W.~B. and {George}, E.~M. and 
	{Henning}, J.~W. and {Halverson}, N.~W. and {Harrington}, N.~L. and 
	{Holder}, G. and {Holzapfel}, W.~L. and {Hou}, Z. and {Hrubes}, J.~D. and 
	{Knox}, L. and {Lee}, A.~T. and {Luong-Van}, D. and {Marrone}, D.~P. and 
	{McMahon}, J.~J. and {Meyer}, S.~S. and {Millea}, M. and {Mocanu}, L.~M. and 
	{Mohr}, J.~J. and {Natoli}, T. and {Padin}, S. and {Pryke}, C. and 
	{Reichardt}, C.~L. and {Ruhl}, J.~E. and {Sayre}, J.~T. and 
	{Schaffer}, K.~K. and {Shirokoff}, E. and {Simard}, G. and {Staniszewski}, Z. and 
	{Stark}, A.~A. and {Story}, K.~T. and {Vanderlinde}, K. and 
	{Vieira}, J.~D. and {Williamson}, R. and {Wu}, W.~L.~K.},
    title = "{Maps of the Southern Millimeter-wave Sky from Combined 2500 deg$^2$ SPT-SZ and Planck Temperature Data}",
  journal = {ArXiv e-prints},
archivePrefix = "arXiv",
   eprint = {1803.10682},
 keywords = {Astrophysics - Cosmology and Nongalactic Astrophysics},
     year = 2018,
    month = mar,
   adsurl = {http://adsabs.harvard.edu/abs/2018arXiv180310682C},
  adsnote = {Provided by the SAO/NASA Astrophysics Data System}
}

@ARTICLE{lay2000,
   author = {{Lay}, O.~P. and {Halverson}, N.~W.},
    title = "{The Impact of Atmospheric Fluctuations on Degree-Scale Imaging of the Cosmic Microwave Background}",
  journal = {\apj},
   eprint = {astro-ph/9905369},
 keywords = {Atmospheric Effects, Cosmology: Cosmic Microwave Background, Instrumentation: Interferometers, Methods: Analytical},
     year = 2000,
    month = nov,
   volume = 543,
    pages = {787-798},
      doi = {10.1086/317115},
   adsurl = {http://adsabs.harvard.edu/abs/2000ApJ...543..787L},
  adsnote = {Provided by the SAO/NASA Astrophysics Data System}
}

@ARTICLE{Abazajian2015,
   author = {{Abazajian}, K.~N. and {Arnold}, K. and {Austermann}, J. and 
	{Benson}, B.~A. and {Bischoff}, C. and {Bock}, J. and {Bond}, J.~R. and 
	{Borrill}, J. and {Calabrese}, E. and {Carlstrom}, J.~E. and 
	{Carvalho}, C.~S. and {Chang}, C.~L. and {Chiang}, H.~C. and 
	{Church}, S. and {Cooray}, A. and {Crawford}, T.~M. and {Dawson}, K.~S. and 
	{Das}, S. and {Devlin}, M.~J. and {Dobbs}, M. and {Dodelson}, S. and 
	{Dor{\'e}}, O. and {Dunkley}, J. and {Errard}, J. and {Fraisse}, A. and 
	{Gallicchio}, J. and {Halverson}, N.~W. and {Hanany}, S. and 
	{Hildebrandt}, S.~R. and {Hincks}, A. and {Hlozek}, R. and {Holder}, G. and 
	{Holzapfel}, W.~L. and {Honscheid}, K. and {Hu}, W. and {Hubmayr}, J. and 
	{Irwin}, K. and {Jones}, W.~C. and {Kamionkowski}, M. and {Keating}, B. and 
	{Keisler}, R. and {Knox}, L. and {Komatsu}, E. and {Kovac}, J. and 
	{Kuo}, C.-L. and {Lawrence}, C. and {Lee}, A.~T. and {Leitch}, E. and 
	{Linder}, E. and {Lubin}, P. and {McMahon}, J. and {Miller}, A. and 
	{Newburgh}, L. and {Niemack}, M.~D. and {Nguyen}, H. and {Nguyen}, H.~T. and 
	{Page}, L. and {Pryke}, C. and {Reichardt}, C.~L. and {Ruhl}, J.~E. and 
	{Sehgal}, N. and {Seljak}, U. and {Sievers}, J. and {Silverstein}, E. and 
	{Slosar}, A. and {Smith}, K.~M. and {Spergel}, D. and {Staggs}, S.~T. and 
	{Stark}, A. and {Stompor}, R. and {Vieregg}, A.~G. and {Wang}, G. and 
	{Watson}, S. and {Wollack}, E.~J. and {Wu}, W.~L.~K. and {Yoon}, K.~W. and 
	{Zahn}, O.},
    title = "{Neutrino physics from the cosmic microwave background and large scale structure}",
  journal = {Astroparticle Physics},
archivePrefix = "arXiv",
   eprint = {1309.5383},
 keywords = {Neutrinos, Cosmology, Cosmic microwave background, Large scale structure},
     year = 2015,
    month = mar,
   volume = 63,
    pages = {66-80},
      doi = {10.1016/j.astropartphys.2014.05.014},
   adsurl = {http://adsabs.harvard.edu/abs/2015APh....63...66A},
  adsnote = {Provided by the SAO/NASA Astrophysics Data System}
}

@ARTICLE{smoot1992,
   author = {{Smoot}, G.~F. and {Bennett}, C.~L. and {Kogut}, A. and {Wright}, E.~L. and 
	{Aymon}, J. and {Boggess}, N.~W. and {Cheng}, E.~S. and {de Amici}, G. and 
	{Gulkis}, S. and {Hauser}, M.~G. and {Hinshaw}, G. and {Jackson}, P.~D. and 
	{Janssen}, M. and {Kaita}, E. and {Kelsall}, T. and {Keegstra}, P. and 
	{Lineweaver}, C. and {Loewenstein}, K. and {Lubin}, P. and {Mather}, J. and 
	{Meyer}, S.~S. and {Moseley}, S.~H. and {Murdock}, T. and {Rokke}, L. and 
	{Silverberg}, R.~F. and {Tenorio}, L. and {Weiss}, R. and {Wilkinson}, D.~T.
	},
    title = "{Structure in the COBE differential microwave radiometer first-year maps}",
  journal = {\apjl},
 keywords = {Cosmic Background Explorer Satellite, Microwave Radiometers, Normal Density Functions, Relic Radiation, Root-Mean-Square Errors, Astronomical Maps, Milky Way Galaxy},
     year = 1992,
    month = sep,
   volume = 396,
    pages = {L1-L5},
      doi = {10.1086/186504},
   adsurl = {http://adsabs.harvard.edu/abs/1992ApJ...396L...1S},
  adsnote = {Provided by the SAO/NASA Astrophysics Data System}
}

@ARTICLE{bennett2013,
   author = {{Bennett}, C.~L. and {Larson}, D. and {Weiland}, J.~L. and {Jarosik}, N. and 
	{Hinshaw}, G. and {Odegard}, N. and {Smith}, K.~M. and {Hill}, R.~S. and 
	{Gold}, B. and {Halpern}, M. and {Komatsu}, E. and {Nolta}, M.~R. and 
	{Page}, L. and {Spergel}, D.~N. and {Wollack}, E. and {Dunkley}, J. and 
	{Kogut}, A. and {Limon}, M. and {Meyer}, S.~S. and {Tucker}, G.~S. and 
	{Wright}, E.~L.},
    title = "{Nine-year Wilkinson Microwave Anisotropy Probe (WMAP) Observations: Final Maps and Results}",
  journal = {\apjs},
archivePrefix = "arXiv",
   eprint = {1212.5225},
 keywords = {cosmic background radiation, cosmology: observations, dark matter, early universe, instrumentation: detectors, space vehicles, space vehicles: instruments, telescopes},
     year = 2013,
    month = oct,
   volume = 208,
      eid = {20},
    pages = {20},
      doi = {10.1088/0067-0049/208/2/20},
   adsurl = {http://adsabs.harvard.edu/abs/2013ApJS..208...20B},
  adsnote = {Provided by the SAO/NASA Astrophysics Data System}
}

@ARTICLE{sptpol2013,
   author = {{Hanson}, D. and {Hoover}, S. and {Crites}, A. and {Ade}, P.~A.~R. and 
	{Aird}, K.~A. and {Austermann}, J.~E. and {Beall}, J.~A. and 
	{Bender}, A.~N. and {Benson}, B.~A. and {Bleem}, L.~E. and {Bock}, J.~J. and 
	{Carlstrom}, J.~E. and {Chang}, C.~L. and {Chiang}, H.~C. and 
	{Cho}, H.-M. and {Conley}, A. and {Crawford}, T.~M. and {de Haan}, T. and 
	{Dobbs}, M.~A. and {Everett}, W. and {Gallicchio}, J. and {Gao}, J. and 
	{George}, E.~M. and {Halverson}, N.~W. and {Harrington}, N. and 
	{Henning}, J.~W. and {Hilton}, G.~C. and {Holder}, G.~P. and 
	{Holzapfel}, W.~L. and {Hrubes}, J.~D. and {Huang}, N. and {Hubmayr}, J. and 
	{Irwin}, K.~D. and {Keisler}, R. and {Knox}, L. and {Lee}, A.~T. and 
	{Leitch}, E. and {Li}, D. and {Liang}, C. and {Luong-Van}, D. and 
	{Marsden}, G. and {McMahon}, J.~J. and {Mehl}, J. and {Meyer}, S.~S. and 
	{Mocanu}, L. and {Montroy}, T.~E. and {Natoli}, T. and {Nibarger}, J.~P. and 
	{Novosad}, V. and {Padin}, S. and {Pryke}, C. and {Reichardt}, C.~L. and 
	{Ruhl}, J.~E. and {Saliwanchik}, B.~R. and {Sayre}, J.~T. and 
	{Schaffer}, K.~K. and {Schulz}, B. and {Smecher}, G. and {Stark}, A.~A. and 
	{Story}, K.~T. and {Tucker}, C. and {Vanderlinde}, K. and {Vieira}, J.~D. and 
	{Viero}, M.~P. and {Wang}, G. and {Yefremenko}, V. and {Zahn}, O. and 
	{Zemcov}, M.},
    title = "{Detection of B-Mode Polarization in the Cosmic Microwave Background with Data from the South Pole Telescope}",
  journal = {Physical Review Letters},
archivePrefix = "arXiv",
   eprint = {1307.5830},
 primaryClass = "astro-ph.CO",
 keywords = {Background radiations, Radio microwave, Gravitational lenses and luminous arcs, Observational cosmology},
     year = 2013,
    month = oct,
   volume = 111,
   number = 14,
      eid = {141301},
    pages = {141301},
      doi = {10.1103/PhysRevLett.111.141301},
   adsurl = {http://adsabs.harvard.edu/abs/2013PhRvL.111n1301H},
  adsnote = {Provided by the SAO/NASA Astrophysics Data System}
}

@ARTICLE{tegmarkdesignersguide1997,
   author = {{Tegmark}, M.},
    title = "{CMB mapping experiments: A designer's guide}",
  journal = {\prd},
   eprint = {astro-ph/9705188},
 keywords = {Background radiations, Origin and formation of the Universe, Observational cosmology},
     year = 1997,
    month = oct,
   volume = 56,
    pages = {4514-4529},
      doi = {10.1103/PhysRevD.56.4514},
   adsurl = {http://adsabs.harvard.edu/abs/1997PhRvD..56.4514T},
  adsnote = {Provided by the SAO/NASA Astrophysics Data System}
}

@ARTICLE{schaffer2011,
   author = {{Schaffer}, K.~K. and {Crawford}, T.~M. and {Aird}, K.~A. and 
	{Benson}, B.~A. and {Bleem}, L.~E. and {Carlstrom}, J.~E. and 
	{Chang}, C.~L. and {Cho}, H.~M. and {Crites}, A.~T. and {de Haan}, T. and 
	{Dobbs}, M.~A. and {George}, E.~M. and {Halverson}, N.~W. and 
	{Holder}, G.~P. and {Holzapfel}, W.~L. and {Hoover}, S. and 
	{Hrubes}, J.~D. and {Joy}, M. and {Keisler}, R. and {Knox}, L. and 
	{Lee}, A.~T. and {Leitch}, E.~M. and {Lueker}, M. and {Luong-Van}, D. and 
	{McMahon}, J.~J. and {Mehl}, J. and {Meyer}, S.~S. and {Mohr}, J.~J. and 
	{Montroy}, T.~E. and {Padin}, S. and {Plagge}, T. and {Pryke}, C. and 
	{Reichardt}, C.~L. and {Ruhl}, J.~E. and {Shirokoff}, E. and 
	{Spieler}, H.~G. and {Stalder}, B. and {Staniszewski}, Z. and 
	{Stark}, A.~A. and {Story}, K. and {Vanderlinde}, K. and {Vieira}, J.~D. and 
	{Williamson}, R.},
    title = "{The First Public Release of South Pole Telescope Data: Maps of a 95 deg$^{2}$ Field from 2008 Observations}",
  journal = {\apj},
archivePrefix = "arXiv",
   eprint = {1111.7245},
 keywords = {cosmic background radiation, cosmology: observations, methods: data analysis, surveys},
     year = 2011,
    month = dec,
   volume = 743,
      eid = {90},
    pages = {90},
      doi = {10.1088/0004-637X/743/1/90},
   adsurl = {http://adsabs.harvard.edu/abs/2011ApJ...743...90S},
  adsnote = {Provided by the SAO/NASA Astrophysics Data System}
}


@ARTICLE{thornton2016,
   author = {{Thornton}, R.~J. and {Ade}, P.~A.~R. and {Aiola}, S. and {Angil{\`e}}, F.~E. and 
	{Amiri}, M. and {Beall}, J.~A. and {Becker}, D.~T. and {Cho}, H.-M. and 
	{Choi}, S.~K. and {Corlies}, P. and {Coughlin}, K.~P. and {Datta}, R. and 
	{Devlin}, M.~J. and {Dicker}, S.~R. and {D{\"u}nner}, R. and 
	{Fowler}, J.~W. and {Fox}, A.~E. and {Gallardo}, P.~A. and {Gao}, J. and 
	{Grace}, E. and {Halpern}, M. and {Hasselfield}, M. and {Henderson}, S.~W. and 
	{Hilton}, G.~C. and {Hincks}, A.~D. and {Ho}, S.~P. and {Hubmayr}, J. and 
	{Irwin}, K.~D. and {Klein}, J. and {Koopman}, B. and {Li}, D. and 
	{Louis}, T. and {Lungu}, M. and {Maurin}, L. and {McMahon}, J. and 
	{Munson}, C.~D. and {Naess}, S. and {Nati}, F. and {Newburgh}, L. and 
	{Nibarger}, J. and {Niemack}, M.~D. and {Niraula}, P. and {Nolta}, M.~R. and 
	{Page}, L.~A. and {Pappas}, C.~G. and {Schillaci}, A. and {Schmitt}, B.~L. and 
	{Sehgal}, N. and {Sievers}, J.~L. and {Simon}, S.~M. and {Staggs}, S.~T. and 
	{Tucker}, C. and {Uehara}, M. and {van Lanen}, J. and {Ward}, J.~T. and 
	{Wollack}, E.~J.},
    title = "{The Atacama Cosmology Telescope: The Polarization-sensitive ACTPol Instrument}",
  journal = {\apjs},
archivePrefix = "arXiv",
   eprint = {1605.06569},
 primaryClass = "astro-ph.IM",
 keywords = {cosmic background radiation, instrumentation: polarimeters},
     year = 2016,
    month = dec,
   volume = 227,
      eid = {21},
    pages = {21},
      doi = {10.3847/1538-4365/227/2/21},
   adsurl = {http://adsabs.harvard.edu/abs/2016ApJS..227...21T},
  adsnote = {Provided by the SAO/NASA Astrophysics Data System}
}

@INPROCEEDINGS{benson2014,
   author = {{Benson}, B.~A. and {Ade}, P.~A.~R. and {Ahmed}, Z. and {Allen}, S.~W. and 
	{Arnold}, K. and {Austermann}, J.~E. and {Bender}, A.~N. and 
	{Bleem}, L.~E. and {Carlstrom}, J.~E. and {Chang}, C.~L. and 
	{Cho}, H.~M. and {Cliche}, J.~F. and {Crawford}, T.~M. and {Cukierman}, A. and 
	{de Haan}, T. and {Dobbs}, M.~A. and {Dutcher}, D. and {Everett}, W. and 
	{Gilbert}, A. and {Halverson}, N.~W. and {Hanson}, D. and {Harrington}, N.~L. and 
	{Hattori}, K. and {Henning}, J.~W. and {Hilton}, G.~C. and {Holder}, G.~P. and 
	{Holzapfel}, W.~L. and {Irwin}, K.~D. and {Keisler}, R. and 
	{Knox}, L. and {Kubik}, D. and {Kuo}, C.~L. and {Lee}, A.~T. and 
	{Leitch}, E.~M. and {Li}, D. and {McDonald}, M. and {Meyer}, S.~S. and 
	{Montgomery}, J. and {Myers}, M. and {Natoli}, T. and {Nguyen}, H. and 
	{Novosad}, V. and {Padin}, S. and {Pan}, Z. and {Pearson}, J. and 
	{Reichardt}, C. and {Ruhl}, J.~E. and {Saliwanchik}, B.~R. and 
	{Simard}, G. and {Smecher}, G. and {Sayre}, J.~T. and {Shirokoff}, E. and 
	{Stark}, A.~A. and {Story}, K. and {Suzuki}, A. and {Thompson}, K.~L. and 
	{Tucker}, C. and {Vanderlinde}, K. and {Vieira}, J.~D. and {Vikhlinin}, A. and 
	{Wang}, G. and {Yefremenko}, V. and {Yoon}, K.~W.},
    title = "{SPT-3G: a next-generation cosmic microwave background polarization experiment on the South Pole telescope}",
booktitle = {Millimeter, Submillimeter, and Far-Infrared Detectors and Instrumentation for Astronomy VII},
     year = 2014,
   journal = {\procspie},
   volume = 9153,
archivePrefix = "arXiv",
   eprint = {1407.2973},
 primaryClass = "astro-ph.IM",
    month = jul,
      eid = {91531P},
    pages = {91531P},
      doi = {10.1117/12.2057305},
   adsurl = {http://adsabs.harvard.edu/abs/2014SPIE.9153E..1PB},
  adsnote = {Provided by the SAO/NASA Astrophysics Data System}
}

@article{litebird2016,
      author         = "Ishino, H. and others",
      title          = "{LiteBIRD: lite satellite for the study of B-mode
                        polarization and inflation from cosmic microwave
                        background radiation detection}",
      booktitle      = "{Proceedings, Space Telescopes and Instrumentation 2016:
                        Optical, Infrared, and Millimeter Wave: Edinburgh, United
                        Kingdom, June 26-July 1, 2016}",
      journal        = "Proc. SPIE Int. Soc. Opt. Eng.",
      volume         = "9904",
      year           = "2016",
      pages          = "99040X",
      doi            = "10.1117/12.2231995",
      SLACcitation   = "%%CITATION = PSISD,9904,99040X;%%"
}

@ARTICLE{pixie2011,
   author = {{Kogut}, A. and {Fixsen}, D.~J. and {Chuss}, D.~T. and {Dotson}, J. and 
	{Dwek}, E. and {Halpern}, M. and {Hinshaw}, G.~F. and {Meyer}, S.~M. and 
	{Moseley}, S.~H. and {Seiffert}, M.~D. and {Spergel}, D.~N. and 
	{Wollack}, E.~J.},
    title = "{The Primordial Inflation Explorer (PIXIE): a nulling polarimeter for cosmic microwave background observations}",
  journal = {\jcap},
archivePrefix = "arXiv",
   eprint = {1105.2044},
     year = 2011,
    month = jul,
   volume = 7,
      eid = {025},
    pages = {025},
      doi = {10.1088/1475-7516/2011/07/025},
   adsurl = {http://adsabs.harvard.edu/abs/2011JCAP...07..025K},
  adsnote = {Provided by the SAO/NASA Astrophysics Data System}
}

  	
@article{barron2018,
  author={Darcy Barron and Yuji Chinone and Akito Kusaka and Julian Borril and Josquin Errard and Stephen Feeney and Simone
Ferraro and Reijo Keskitalo and Adrian T. Lee and Natalie A. Roe and Blake D. Sherwin and Aritoki Suzuki},
  title={Optimization study for the experimental configuration of CMB-S4},
  journal={Journal of Cosmology and Astroparticle Physics},
  volume={2018},
  number={02},
  pages={009},
  url={http://stacks.iop.org/1475-7516/2018/i=02/a=009},
  year={2018},
  abstract={The CMB Stage 4 (CMB-S4) experiment is a next-generation, ground-based experiment that will measure the cosmic microwave background (CMB) polarization to unprecedented accuracy, probing the signature of inflation, the nature of cosmic neutrinos, relativistic thermal relics in the early universe, and the evolution of the universe. CMB-S4 will consist of O (500,000) photon-noise-limited detectors that cover a wide range of angular scales in order to probe the cosmological signatures from both the early and late universe. It will measure a wide range of microwave frequencies to cleanly separate the CMB signals from galactic and extra-galactic foregrounds. To advance the progress towards designing the instrument for CMB-S4, we have established a framework to optimize the instrumental configuration to maximize its scientific output. The framework combines cost and instrumental models with a cosmology forecasting tool, and evaluates the scientific sensitivity as a function of various instrumental parameters. The cost model also allows us to perform the analysis under a fixed-cost constraint, optimizing for the scientific output of the experiment given finite resources. In this paper, we report our first results from this framework, using simplified instrumental and cost models. We have primarily studied two classes of instrumental configurations: arrays of large-aperture telescopes with diameters ranging from 2–10 m, and hybrid arrays that combine small-aperture telescopes (0.5-m diameter) with large-aperture telescopes. We explore performance as a function of telescope aperture size, distribution of the detectors into different microwave frequencies, survey strategy and survey area, low-frequency noise performance, and balance between small and large aperture telescopes for hybrid configurations. Both types of configurations must cover both large (~ degree) and small (~ arcmin) angular scales, and the performance depends on assumptions for performance vs. angular scale. The configurations with large-aperture telescopes have a shallow optimum around 4–6 m in aperture diameter, assuming that large telescopes can achieve good performance for low-frequency noise. We explore some of the uncertainties of the instrumental model and cost parameters, and we find that the optimum has a weak dependence on these parameters. The hybrid configuration shows an even broader optimum, spanning a range of 4–10 m in aperture for the large telescopes. We also present two strawperson configurations as an outcome of this optimization study, and we discuss some ideas for improving our simple cost and instrumental models used here. There are several areas of this analysis that deserve further improvement. In our forecasting framework, we adopt a simple two-component foreground model with spatially varying power-law spectral indices. We estimate de-lensing performance statistically and ignore non-idealities such as anisotropic mode coverage, boundary effect, and possible foreground residual. Instrumental systematics, which is not accounted for in our analyses, may also influence the conceptual design. Further study of the instrumental and cost models will be one of the main areas of study by the entire CMB-S4 community. We hope that our framework will be useful for estimating the influence of these improvements in the future, and we will incorporate them in order to further improve the optimization.}
}
	
@article{chamberlin2001,
author = {Chamberlin, Richard A.},
title = {South Pole submillimeter sky opacity and correlations with radiosonde observations},
journal = {Journal of Geophysical Research: Atmospheres},
volume = {106},
year = {2001},
number = {D17},
pages = {20101-20113},
doi = {10.1029/2001JD900208},
url = {https://agupubs.onlinelibrary.wiley.com/doi/abs/10.1029/2001JD900208},
eprint = {https://agupubs.onlinelibrary.wiley.com/doi/pdf/10.1029/2001JD900208},
abstract = {Submillimeter wave-length observations of the South Pole wintertime atmospheric opacity were performed on a regular basis starting in the year 1992. The absorption spectrum of pressure broadened water vapor lines is known to dominate submillimeter atmospheric transparency, and changes in opacity should be correlated with changes in the precipitable water vapor column (PWV). Indications of PWV were derived from radiosonde observations and the expected correlation with opacity was observed. Thus submillimeter radiometry can be used to predict radiosonde derived PWV and vice versa. These comparisons can be used to help interpret radiosonde PWVs. For example, we show that the absolute calibration of one instrument type, the A.I.R. Model 5A, in use at the South Pole since February 22, 1997, is doubtful and indicates wintertime PWVs about a factor of 2 smaller than expected when compared to opacity and PWV relationships established previously. Comparisons were also made to PWVsat, the precipitable water vapor column derived by assuming saturation over ice. Radiosonde data going back to 1961 were available, and we examined long-term trends in the wintertime PWV and PWVsat. The primary emphasis here was to reveal the expected long-term site quality of the South Pole for performing ground based submillimeter astronomy. Thus we focused on wintertime conditions. Our comparisons of submillimeter opacity to PWV also provide robust determinations of the magnitude of dry air opacity, important for improving submillimeter radiative transfer models.}
}

@INPROCEEDINGS{spt2004,
   author = {{Ruhl}, J. and {Ade}, P.~A.~R. and {Carlstrom}, J.~E. and {Cho}, H.-M. and 
	{Crawford}, T. and {Dobbs}, M. and {Greer}, C.~H. and {Halverson}, N.~w. and 
	{Holzapfel}, W.~L. and {Lanting}, T.~M. and {Lee}, A.~T. and 
	{Leitch}, E.~M. and {Leong}, J. and {Lu}, W. and {Lueker}, M. and 
	{Mehl}, J. and {Meyer}, S.~S. and {Mohr}, J.~J. and {Padin}, S. and 
	{Plagge}, T. and {Pryke}, C. and {Runyan}, M.~C. and {Schwan}, D. and 
	{Sharp}, M.~K. and {Spieler}, H. and {Staniszewski}, Z. and 
	{Stark}, A.~A.},
    title = "{The South Pole Telescope}",
booktitle = {Z-Spec: a broadband millimeter-wave grating spectrometer: design, construction, and first cryogenic measurements},
     year = 2004,
   series = {\procspie},
   volume = 5498,
   eprint = {astro-ph/0411122},
   editor = {{Bradford}, C.~M. and {Ade}, P.~A.~R. and {Aguirre}, J.~E. and 
	{Bock}, J.~J. and {Dragovan}, M. and {Duband}, L. and {Earle}, L. and 
	{Glenn}, J. and {Matsuhara}, H. and {Naylor}, B.~J. and {Nguyen}, H.~T. and 
	{Yun}, M. and {Zmuidzinas}, J.},
    month = oct,
    pages = {11-29},
      doi = {10.1117/12.552473},
   adsurl = {http://adsabs.harvard.edu/abs/2004SPIE.5498...11R},
  adsnote = {Provided by the SAO/NASA Astrophysics Data System}
}

@ARTICLE{2018corecos,
   author = {{Di Valentino}, E. and {Brinckmann}, T. and {Gerbino}, M. and 
	{Poulin}, V. and {Bouchet}, F.~R. and {Lesgourgues}, J. and 
	{Melchiorri}, A. and {Chluba}, J. and {Clesse}, S. and {Delabrouille}, J. and 
	{Dvorkin}, C. and {Forastieri}, F. and {Galli}, S. and {Hooper}, D.~C. and 
	{Lattanzi}, M. and {Martins}, C.~J.~A.~P. and {Salvati}, L. and 
	{Cabass}, G. and {Caputo}, A. and {Giusarma}, E. and {Hivon}, E. and 
	{Natoli}, P. and {Pagano}, L. and {Paradiso}, S. and {Rubi{\~n}o-Martin}, J.~A. and 
	{Ach{\'u}carro}, A. and {Ade}, P. and {Allison}, R. and {Arroja}, F. and 
	{Ashdown}, M. and {Ballardini}, M. and {Banday}, A.~J. and {Banerji}, R. and 
	{Bartolo}, N. and {Bartlett}, J.~G. and {Basak}, S. and {Baumann}, D. and 
	{de Bernardis}, P. and {Bersanelli}, M. and {Bonaldi}, A. and 
	{Bonato}, M. and {Borrill}, J. and {Boulanger}, F. and {Bucher}, M. and 
	{Burigana}, C. and {Buzzelli}, A. and {Cai}, Z.-Y. and {Calvo}, M. and 
	{Carvalho}, C.~S. and {Castellano}, G. and {Challinor}, A. and 
	{Charles}, I. and {Colantoni}, I. and {Coppolecchia}, A. and 
	{Crook}, M. and {D'Alessandro}, G. and {De Petris}, M. and {De Zotti}, G. and 
	{Diego}, J.~M. and {Errard}, J. and {Feeney}, S. and {Fernandez-Cobos}, R. and 
	{Ferraro}, S. and {Finelli}, F. and {de Gasperis}, G. and {G{\'e}nova-Santos}, R.~T. and 
	{Gonz{\'a}lez-Nuevo}, J. and {Grandis}, S. and {Greenslade}, J. and 
	{Hagstotz}, S. and {Hanany}, S. and {Handley}, W. and {Hazra}, D.~K. and 
	{Hern{\'a}ndez-Monteagudo}, C. and {Hervias-Caimapo}, C. and 
	{Hills}, M. and {Kiiveri}, K. and {Kisner}, T. and {Kitching}, T. and 
	{Kunz}, M. and {Kurki-Suonio}, H. and {Lamagna}, L. and {Lasenby}, A. and 
	{Lewis}, A. and {Liguori}, M. and {Lindholm}, V. and {Lopez-Caniego}, M. and 
	{Luzzi}, G. and {Maffei}, B. and {Martin}, S. and {Martinez-Gonzalez}, E. and 
	{Masi}, S. and {Matarrese}, S. and {McCarthy}, D. and {Melin}, J.-B. and 
	{Mohr}, J.~J. and {Molinari}, D. and {Monfardini}, A. and {Negrello}, M. and 
	{Notari}, A. and {Paiella}, A. and {Paoletti}, D. and {Patanchon}, G. and 
	{Piacentini}, F. and {Piat}, M. and {Pisano}, G. and {Polastri}, L. and 
	{Polenta}, G. and {Pollo}, A. and {Quartin}, M. and {Remazeilles}, M. and 
	{Roman}, M. and {Ringeval}, C. and {Tartari}, A. and {Tomasi}, M. and 
	{Tramonte}, D. and {Trappe}, N. and {Trombetti}, T. and {Tucker}, C. and 
	{V{\"a}liviita}, J. and {van de Weygaert}, R. and {Van Tent}, B. and 
	{Vennin}, V. and {Vermeulen}, G. and {Vielva}, P. and {Vittorio}, N. and 
	{Young}, K. and {Zannoni}, M.},
    title = "{Exploring cosmic origins with CORE: Cosmological parameters}",
  journal = {\jcap},
archivePrefix = "arXiv",
   eprint = {1612.00021},
     year = 2018,
    month = apr,
   volume = 4,
      eid = {017},
    pages = {017},
      doi = {10.1088/1475-7516/2018/04/017},
   adsurl = {http://adsabs.harvard.edu/abs/2018JCAP...04..017D},
  adsnote = {Provided by the SAO/NASA Astrophysics Data System}
}
